@Book{baikov_book,
author = {В. А. Байков and А. Я. Давлетбаев and Р. Н. Асмандияров},
title = {Специальные гидродинамические исследования для мониторинга за развитием трещин ГРП на нагнетательных скважинах},
year = {2011},
publisher = {Электронный научный журнал \enquote{Нефтегазовое дело} №1},
location = {},
pagetotal = {С. 65-75},
hyphenation = {russian}
}

@Book{koning_book,
author = {E. J. L. Koning},
title = {Fractured water-injection wells. Analytical modelling of fracture propagation},
year = {1985},
publisher = {Petroleum Development Oman LLc},
location = {},
pagetotal = {},
hyphenation = {}
}

@Book{perkins_kern_book,
author = {T.K. Perkins and L.R. Kern},
title = {Widths of hydraulic fractures},
year = {September 1961},
publisher = {SPE 89},
location = {},
pagetotal = {P. 937 – 949},
hyphenation = {}
}

@Book{nordgren_book,
author = {R. P. Nordgren},
title = {Propagation of a Vertical Hydraulic Fracture},
year = {August 1972},
publisher = {SPE 89},
location = {},
pagetotal = {P. 306-314},
hyphenation = {}
}

@Book{dontsov1_book,
author = {E. V. Dontsov},
title = {An approximate solution for a plane strain hydraulic fracture that accounts for fracture toughness, fluid viscosity, and leak-off},
year = {2017},
publisher = {Int. J. Fract., 205},
location = {},
pagetotal = {221-237},
hyphenation = {}
}

@Book{dontsov2_book,
author = {E. V. Dontsov},
title = {An approximate solution for a penny-shaped hydraulic fracture that accounts for fracture toughness, fluid viscosity, and leak-off},
year = {2016},
publisher = {R. Soc. open sci., 3:160737},
location = {},
pagetotal = {},
hyphenation = {}
}

@misc{dontsov2021analysis,
      title={Analysis of a constant height hydraulic fracture}, 
      author={E. V. Dontsov},
      year={2021},
      eprint={2110.13088},
      archivePrefix={arXiv},
      primaryClass={https://doi.org/10.48550/arXiv.2110.13088}
}

@Book{karter_book,
author = {R. D. Karter},
title = {Derivation of the general equation for estimating the extent of the fractured area},
year = {1957},
publisher = {Appendix of \enquote{Optimum Fluid Characteristics for Fracture Extension}, by Howard G.C and Fast C.R.},
location = {},
pagetotal = {261-268 p.},
hyphenation = {}
}

