@Book{baikov_book,
author = {В. А. Байков and А. Я. Давлетбаев and Р. Н. Асмандияров},
title = {Специальные гидродинамические исследования для мониторинга за развитием трещин ГРП на нагнетательных скважинах},
year = {2011},
publisher = {Электронный научный журнал \enquote{Нефтегазовое дело} №1},
location = {},
pagetotal = {С. 65-75},
hyphenation = {russian}
}

@Book{koning_book,
author = {E. J. L. Koning},
title = {Fractured water-injection wells. Analytical modelling of fracture propagation},
year = {1985},
publisher = {Petroleum Development Oman LLc},
location = {},
pagetotal = {},
hyphenation = {english}
}

@Book{perkins_kern_book,
author = {T.K. Perkins and L.R. Kern},
title = {Widths of hydraulic fractures},
year = {September 1961},
publisher = {SPE 89},
location = {},
pagetotal = {P. 937 – 949},
hyphenation = {english}
}

@Book{nordgren_book,
author = {R. P. Nordgren},
title = {Propagation of a Vertical Hydraulic Fracture},
year = {August 1972},
publisher = {SPE 89},
location = {},
pagetotal = {P. 306-314},
hyphenation = {english}
}

@Book{dontsov1_book,
author = {E. V. Dontsov},
title = {An approximate solution for a plane strain hydraulic fracture that accounts for fracture toughness, fluid viscosity, and leak-off},
year = {2017},
publisher = {Int. J. Fract., 205},
location = {},
pagetotal = {221-237},
hyphenation = {english}
}

@Book{dontsov2_book,
author = {E. V. Dontsov},
title = {An approximate solution for a penny-shaped hydraulic fracture that accounts for fracture toughness, fluid viscosity, and leak-off},
year = {2016},
publisher = {R. Soc. open sci., 3:160737},
location = {},
pagetotal = {},
hyphenation = {english}
}

@misc{dontsov2021analysis,
      title={Analysis of a constant height hydraulic fracture}, 
      author={E. V. Dontsov},
      year={2021},
      eprint={2110.13088},
      archivePrefix={arXiv},
      primaryClass={https://doi.org/10.48550/arXiv.2110.13088},
      hyphenation = {english}
}

@Book{karter_book,
author = {R. D. Karter},
title = {Derivation of the general equation for estimating the extent of the fractured area},
year = {1957},
publisher = {Appendix of \enquote{Optimum Fluid Characteristics for Fracture Extension}, by Howard G.C and Fast C.R.},
location = {},
pagetotal = {261-268 p.},
hyphenation = {english}
}

@book{hagoort,
author = {Jacques Hagoort and Brian D. Weatherill and Antonin Settari},
title = {Modeling the Propagation of Waterflood-Induced Hydraulic Fractures},
year = {1980},
publisher = {SPE},
location = {},
pagetotal = {},
hyphenation = {english}
}

@book{perkins_gonzalez,
author = {T. K. Perkins and J. A. Gonzalez},
title = {The Effect of Thermoelastic Stresses on Injection Well Fracturing},
year = {February 1985},
publisher = {SPE},
location = {},
pagetotal = {},
hyphenation = {english}
}

@book{bazyrov_shel,
author = {И. Ш. Базыров and Е. В. Шель and М. М. Хасанов},
title = {Анализ эффективности заводнения низкопроницаемых коллекторов нагнетательными горизонтальными скважинами с поперечными трещинами многостадийного ГРП},
year = {сентябрь 2020},
publisher = {PROнефть},
location = {},
doi = {10.7868/S258773992002007X},
pagetotal = {},
hyphenation = {russian}
}

@book{yakupov,
author = {И. Я. Якупов and Е. Л. Егоров and И. И. Родионова and А. А. Мироненко and И. Г. Искевич and В. П. Мирошниченко and А. В. Сергейчев},
title = {Разработка низкопроницаемых объектов Приобского месторождения в условиях образования техногенных трещин автоГРП},
year = {2022},
publisher = {Экспозиция Нефть Газ №5 (90)},
location = {},
pagetotal = {},
hyphenation = {russian}
}

