@book{baikov,
author = {В. А. Байков and А. Я. Давлетбаев and Р. Н. Асмандияров and Т. С. Усманов and З. Ю. Степанова},
title = {Специальные гидродинамические исследования для мониторинга за развитием трещин ГРП на нагнетательных скважинах},
year = {2011},
publisher = {Электронный научный журнал \enquote{Нефтегазовое дело} №1},
location = {},
pagetotal = {С. 65-75},
hyphenation = {russian}
}

@book{koning,
author = {E. J. L. Koning},
title = {Fractured water-injection wells. Analytical modelling of fracture propagation},
year = {1985},
publisher = {Petroleum Development Oman LLc},
location = {},
pagetotal = {},
hyphenation = {english}
}

@book{perkins_kern,
author = {T.K. Perkins and L.R. Kern},
title = {Widths of hydraulic fractures},
year = {September 1961},
publisher = {SPE 89},
location = {},
pagetotal = {P. 937 – 949},
hyphenation = {english}
}

@book{nordgren,
author = {R. P. Nordgren},
title = {Propagation of a Vertical Hydraulic Fracture},
year = {August 1972},
publisher = {SPE 89},
location = {},
pagetotal = {P. 306-314},
hyphenation = {english}
}

@book{dontsov1,
author = {E. V. Dontsov},
title = {An approximate solution for a plane strain hydraulic fracture that accounts for fracture toughness, fluid viscosity, and leak-off},
year = {2017},
publisher = {Int. J. Fract., 205},
location = {},
pagetotal = {221-237},
hyphenation = {english}
}

@book{dontsov2,
author = {E. V. Dontsov},
title = {An approximate solution for a penny-shaped hydraulic fracture that accounts for fracture toughness, fluid viscosity, and leak-off},
year = {2016},
publisher = {R. Soc. open sci., 3:160737},
location = {},
pagetotal = {},
hyphenation = {english}
}

@misc{dontsov2021analysis,
title={Analysis of a constant height hydraulic fracture}, 
author={E. V. Dontsov},
year={2021},
eprint={2110.13088},
archivePrefix={arXiv},
primaryClass={physics.geo-ph},
hyphenation = {english}
}

@book{karter,
author = {R. D. Karter},
title = {Derivation of the general equation for estimating the extent of the fractured area},
year = {1957},
publisher = {Appendix of \enquote{Optimum Fluid Characteristics for Fracture Extension} by Howard G.C and Fast C.R.},
location = {},
pagetotal = {261-268 p.},
hyphenation = {english}
}

@book{hagoort,
author = {Jacques Hagoort and Brian D. Weatherill and Antonin Settari},
title = {Modeling the Propagation of Waterflood-Induced Hydraulic Fractures},
year = {1980},
publisher = {SPE},
location = {},
pagetotal = {},
hyphenation = {english}
}

@book{bazyrov_phd,
author = {И. Ш. Базыров},
title = {Контроль и регулирование роста техногенных трещин при вытеснении нефти из низкопроницаемых коллекторов},
year = {2020},
publisher = {Дис. канд. тех. наук},
location = {},
pagetotal = {},
hyphenation = {russian}
}

@book{kabanova_shel,
author = {P. A. Kabanova and E. V. Shel},
title = {Modeling of Water-Induced Fracture Growth Pressure Using Poroelastic Approach},
year = {2020},
publisher = {ECMOR XVII – 17th European Conference on the Mathematics of Oil Recovery},
location = {},
pagetotal = {},
hyphenation = {english}
}

@book{bazyrov_shel,
author = {И. Ш. Базыров and Е. В. Шель and М. М. Хасанов},
title = {Анализ эффективности заводнения низкопроницаемых коллекторов нагнетательными горизонтальными скважинами с поперечными трещинами многостадийного ГРП},
year = {сентябрь 2020},
publisher = {PROнефть},
location = {},
doi = {10.7868/S258773992002007X},
pagetotal = {},
hyphenation = {russian}
}


@book{gongbo,
author = {Gongbo Long and Songxia Liu and Guanshui Xu and Sau-Wai Wong},
title = {Modeling of Perforation Erosion for Hydraulic Fracturing Applications},
year = {2015},
publisher = {SPE-174959-MS},
location = {},
doi = {},
pagetotal = {},
hyphenation = {english}
}

@book{crump,
author = {J. B. Crump and M. W. Conway},
title = {Effects of Perforation-Entry Friction on Bottomhole Treating Analysis},
year = {August 1988},
publisher = {Journal of Petroleum Technology},
location = {},
doi = {},
pagetotal = {},
hyphenation = {english}
}

@book{elbel,
author = {J. L. Elbel and A. R. Piggott and M. G. Mack},
title = {Numerical Modeling of Multilayer Fracture Treatments},
year = {1992},
publisher = {SPE 23982},
location = {},
doi = {},
pagetotal = {},
hyphenation = {english}
}

@book{hagoort_phd,
author = {J. Hagoort},
title = {Waterflood-induced hydraulic fracturing},
year = {1981},
publisher = {PhD. Thesis, Delft Technical Univeёrsity},
location = {},
doi = {},
pagetotal = {},
hyphenation = {english}
}

@book{economides,
author = {Michael Economides and Ronald Oligney and Peter Valkó},
title = {Unified Fracture Design. Bridging the Gap Between Theory and Practice},
year = {2002},
publisher = {Orsa Press},
location = {Alvin, Texas},
pagetotal = {260},
hyphenation = {english}
}

@book{shel_kabanova,
author = {Е. В. Шель and П. К. Кабанова and Д. Р. Ткаченко and И. Ш. Базыров and А. В. Логвинюк},
title = {Моделирование инициации и распространения трещины гидроразрыва пласта на нагнетательной скважине для нетрещиноватых терригенных пород на примере Приобского месторождения},
year = {2020},
publisher = {PROнефть},
location = {},
pagetotal = {},
hyphenation = {russian}
}

@book{trimonova_dubinya,
author = {M. Trimonova and N. Dubinya},
title = {The Main Tendencies of Water-Induced Hydraulic Fracture Propagation},
year = {2015},
publisher = {SPE-176638-MS},
location = {},
pagetotal = {},
hyphenation = {english}
}

@book{rybakovskaya_mag,
author = {А. А. Рыбаковская},
title = {Поиск полных напряжений на скважине/трещине в бесконечном пласте в пороупругой постановке},
year = {2021},
publisher = {Магистерская диссертация},
location = {},
pagetotal = {},
hyphenation = {russian}
}

@book{afanasiev,
author = {И. С. Афанасьев and А. В. Тимонов and И. В. Судеев and Т. Р. Мусабиров and М. А. Степанов and А. В. Колонских and Р. Р. Галеев},
title = {Анализ применения и перспективы дальнейшего использования горизонтальных скважин с множественными трещинами ГРП на Приобском месторождении},
year = {2012},
publisher = {SPE 162031},
location = {},
pagetotal = {},
hyphenation = {russian}
}

@book{kabanova_mag,
author = {П. К. Кабанова},
title = {Моделирование давления инициации трещины гидроразрыва пласта на нагнетательной скважине в пороупругой постановке},
year = {2019},
publisher = {Магистерская диссертация},
location = {},
pagetotal = {},
hyphenation = {russian}
}

@book{tkachenko_mag,
author = {Д. Р. Ткаченко},
title = {Анализ влияния режима работы нагнетательной скважины на рост трещины автоГРП},
year = {2020},
publisher = {Магистерская диссертация},
location = {},
pagetotal = {},
hyphenation = {russian}
}

@book{loytsyanskiy,
author = {Л. Лойцянский},
title = {Механика жидкости и газа},
year = {1987},
publisher = {М.: Наука},
location = {},
pagetotal = {},
hyphenation = {russian}
}

@book{davletbayev,
author = {А. Я. Давлетбаев and В. А. Байков and Г. Р. Бикбулатова and Р. Н. Асмандияров and Э. Р. Назаргалин and А. А. Слабецкий and А. В. Сергейчев and Р. И. Нуриев},
title = {Промысловые исследования по изучению самопроизвольного развития техногенных трещин в нагнетательных скважинах},
year = {2014},
publisher = {SPE-171232-MS},
location = {},
pagetotal = {},
hyphenation = {russian}
}

@book{maltsev,
author = {В. В. Мальцев and Р. Н. Асмандияров and В. А. Байков and Т. С. Усманов and А. Я. Давлетбаев},
title = {Исследование развития трещин автоГРП на опытном участке Приобского месторождения с линейной системой разработки},
year = {2012},
publisher = {Нефтяное хозяйство №5},
location = {},
pagetotal = {С. 70-73},
hyphenation = {russian}
}

@book{kalinin,
author = {С. А. Калинин and А. Н. Байкин and Р. Ф. Абдуллин and Б. Н. Старовойтова and И. Ш. Базыров and Р. Р. Копейкин and С. В. Головин and Е. Н. Кичигин},
title = {Анализ слияния трещин автоГРП в рядной системе разработки с помощью математического моделирования},
year = {12'2022},
publisher = {Нефтяное хозяйство},
location = {},
pagetotal = {С. 40-45},
hyphenation = {russian}
}

@book{reynolds,
author = {O. Reynolds},
title = {An experimental investigation of the circumstances which determine whether the motion of water shall be direct or sinuous, and of the law of resistance in parallel channels},
year = {1883},
publisher = {Phil. Trans. Roy. Soc., 174, Papers, vol. 2},
location = {},
pagetotal = {p. 935 - 982},
hyphenation = {english}
}

@book{yakupov,
author = {И. Я. Якупов and Е. Л. Егоров and И. И. Родионова and А. А. Мироненко and И. Г. Искевич and В. П. Мирошниченко and А. В. Сергейчев},
title = {Разработка низкопроницаемых объектов Приобского месторождения в условиях образования техногенных трещин автоГРП},
year = {2022},
publisher = {Экспозиция Нефть Газ №5 (90)},
location = {},
pagetotal = {},
hyphenation = {russian}
}

@book{cramer,
author = {D. D. Cramer},
title = {The Application of Limited-Entry Techniques in Massive Hydraulic Fracturing Treatments},
year = {1987},
publisher = {SPE 16189},
location = {},
pagetotal = {p. 29-46},
hyphenation = {english}
}

@book{griffith,
author = {A. A. Griffith},
title = {The Phenomena of Rupture and Flow in Solids},
year = {1921},
publisher = {Phil. Trans. Roy. Soc.},
location = {},
pagetotal = {p. 163-198},
hyphenation = {english}
}

@book{barenblatt,
author = {G. I. Barenblatt},
title = {The Mathematical Theory of Equilibrium Cracks in Brittle Fracture},
year = {1962},
publisher = {Advances in Applied Mechanics},
location = {},
pagetotal = {p. 55-129},
hyphenation = {english}
}

@book{irwin,
author = {G. R. Irwin},
title = {Analysis of Stresses and Strains Near the End of a Crack Traversing a Plate},
year = {1957},
publisher = {J. Appl. Mech},
location = {},
pagetotal = {p. 361-364},
hyphenation = {english}
}

@book{perkins_gonzalez,
author = {T. K. Perkins and J. A. Gonzalez},
title = {The Effect of Thermoelastic Stresses on Injection Well Fracturing},
year = {February 1985},
publisher = {SPE},
location = {},
pagetotal = {},
hyphenation = {english}
}

